@article{marrero2019,
  author = {Marrero, Jos{\' e} and Garc{\' i}a, Alicia and Berrocoso, Manuel and Llinares, {\' A}ngeles and Rodr{\' i}guez-Losada, Antonio and Ortiz, R.},
  journal = {Journal of Applied Volcanology},
  year = {2019},
  month = {7},
  pages = {},
  title = {Strategies for the development of volcanic hazard maps in monogenetic volcanic fields: the example of {La} {Palma} ({Canary} {Islands})},
  volume = {8},
  doi = {10.1186/s13617-019-0085-5},
}

@article{Cardell_1997,
	title        = {Variance Components Structures for the Extreme-Value and Logistic Distributions with Application to Models of Heterogeneity},
	author       = {Cardell, N. Scott},
	year         = 1997,
	month        = apr,
	journal      = {Econometric Theory},
	publisher    = {Cambridge University Press (CUP)},
	volume       = 13,
	number       = 2,
	pages        = {185–213},
	doi          = {10.1017/s0266466600005727},
	issn         = {1469-4360},
}

@book{56f718baa18c485da40f99ed43ca8045,
title = "Structural Analysis of Discrete Data with Econometric Applications",
author = "Manski, {Charles F.} and Daniel McFadden",
year = "1981",
language = "English",
isbn = "9780262131599",
publisher = "The MIT Press",
}

@incollection{Mcfadden_1981,
    title     = {Structural Discrete Probability Models Derived from Theories of Choice},
    author    = {McFadden, Daniel L.},
    pages     = {198--272},
    crossref  = {56f718baa18c485da40f99ed43ca8045}
}

@article{Brazell_2006,
	title        = {The no-choice option and dual response choice designs},
	author       = {Brazell, Jeff D. and Diener, Christopher G. and Karniouchina, Ekaterina and Moore, William L. and Séverin, Válerie and Uldry, Pierre-Francois},
	year         = 2006,
	month        = dec,
	journal      = {Marketing Letters},
	publisher    = {Springer Science and Business Media LLC},
	volume       = 17,
	number       = 4,
	pages        = {255–268},
	doi          = {10.1007/s11002-006-7943-8},
	issn         = {1573-059X},
	url          = {http://dx.doi.org/10.1007/s11002-006-7943-8}
}

